article{einstein,
    author = "Albert Einstein",
    title = "{Zur Elektrodynamik bewegter K{\"o}rper}. ({German})
    [{On} the electrodynamics of moving bodies]",
    journal = "Annalen der Physik",
    volume = "322",
    number = "10",
    pages = "891--921",
    year = "1905",
    DOI = "http://dx.doi.org/10.1002/andp.19053221004",
    keywords = "physics"
}
 
book{dirac,
    title = {The Principles of Quantum Mechanics},
    author = {Paul Adrien Maurice Dirac},
    isbn = {9780198520115},
    series = {International series of monographs on physics},
    year = {1981},
    publisher = {Clarendon Press},
    keywords = {physics}
}
@online{healthwebsite,
    author = "Iowa State University",
    title = "Campus Health and Wellness Data",
    url  = "https://www.studentwellness.iastate.edu/campus-health-and-wellness-data/",
    addendum = "(accessed: 02.22.2023)",
    
}
@online{adaawbsite,
    author = "Anxiety & Depression Association of America",
    title = "Physical Activity Reduces Stress",
    url = "https://adaa.org/understanding-anxiety/related-illnesses/other-related-conditions/stress/physical-activity-reduces-st",
    addendum = "(accessed: 02.22.2023)",
}
//inbook{knuth-fa,
    author = "Donald E. Knuth",
    title = "Fundamental Algorithms",
    publisher = "Addison-Wesley",
    year = "1973",
    chapter = "1.2",
    keywords  = "knuth,programming"
}
